@article{pop,
    author    = {Tom{\'{a}}s Pop and
                 Petr Hnetynka and
                 Petr Hosek and
                 Michal Malohlava and
                 Tom{\'{a}}s Bures},
    title     = {Comparison of component frameworks for real-time embedded systems},
    journal   = {Knowl. Inf. Syst.},
    volume    = {40},
    number    = {1},
    pages     = {127--170},
    year      = {2014},
    url       = {http://dx.doi.org/10.1007/s10115-013-0627-9},
    doi       = {10.1007/s10115-013-0627-9},
    timestamp = {Tue, 10 Jun 2014 10:39:39 +0200},
    biburl    = {http://dblp.uni-trier.de/rec/bib/journals/kais/PopHHMB14},
    bibsource = {dblp computer science bibliography, http://dblp.org}
}
